@online{Affectica,
  title   = {Affectica},
  url     = {https://www.affectiva.com/},
  urldate = {2022-09-30}
}

@book{classification,
  title={Цифровая обработка речевых сигналов},
  author={Рабинер, ЛР and Шафер, РВ},
  year={1981},
  publisher={Рипол Классик}
}

@article{categories,
  author  = {Ayadi, El and Kamel, M. and Karray, F.},
  title   = {Survey on speech emotion recognition: Features, classification schemes, and databases},
  journal = {Pattern Recognition},
  year    = {2011}
}

@article{Ekman1972,
  author  = {Ekman, P},
  journal = {Nebraska Symposium on Motivation. Vol. 19.},
  title   = {Universals and Cultural Differences in Facial Expression of Emotion},
  year    = {1972}
}

@article{Ekman1992,
  author  = {Ekman, P},
  journal = {Cognition and Emotion},
  title   = {An Argument for Basic Emotions},
  year    = {1992}
}

@article{filter,
  author  = {Hall, M. A.},
  title   = {Correlation-based feature selection for machine learning},
  journal = {Ph. D. Thesis, Hamilton, NZ: Waikato University, Department of Computer Science},
  year    = {1998}
}

@article{hourglass,
  author  = {Cambria, Erik and Grassi, Marco and Hussain, Amir and Havasi, Catherine},
  journal = {Multimedia Tools and Applications - MTA},
  title   = {Sentic Computing for social media marketing},
  year    = {2012},
  doi     = {10.1007/s11042-011-0815-0}
}

@article{phonetic-func,
  author  = {Рылов, А. С.},
  title   = {Анализ речи в распознающих системах.},
  journal = {Бестпринт},
  year    = {2003}
}

@article{phonetic-func-1,
  author  = {Farrus, M. and Hernando, J.},
  title   = {Using Jitter and Shimmer in speaker verification. IET Signal Process},
  journal = {IET Signal Process},
  year    = {2009}
}

@article{Plutchik1980,
  author  = {Plutchik, R and Kellerman, H},
  journal = {London: Academic Press},
  title   = {Emotion: Theory, Research, and Experience: Vol. 1. Theories of Emotion.},
  year    = {1980}
}

@article{preprocess,
  author = {Rong, Jia and Chen, Yi-Ping Phoebe and Chowdhury, Morshed and Li, Gang},
  year   = {2007},
  month  = {01},
  pages  = {419-424},
  title  = {Acoustic Features Extraction for Emotion Recognition},
  doi    = {10.1109/ICIS.2007.48}
}

@online{RECOLA,
  title   = {RECOLA},
  url     = {https://diuf.unifr.ch/main/diva/recola/},
  urldate = {2022-10-01}
}

@article{Russell2003,
  author  = {Russell, J.A.},
  journal = {Psychological Review},
  title   = {Core Affect and the Psychological Construction of Emotion},
  year    = {2003}
}

@article{speech-patterns,
  author  = {Schuller, B and Batliner, A and Steidl, S and Seppi, D},
  journal = {Speech Communication, In Press},
  title   = {Recognising realistic emotions and affect in speech: State of the art and lessons learnt from the first
             challenge},
  year    = {2011}
}


@article{wrapper,
  author  = {Pudil, P. and Novovicova, J. amd Kittler, J.},
  title   = {Floating search methods in feature selection},
  journal = {Pattern Recognition},
  year    = {1994}
}

@article{Вундт1984,
  author  = {Вундт, В},
  journal = {Психология эмоций},
  title   = {Психология душевных волнений},
  year    = {1984}
}

@article{lpc,
  author  = {Видман, Виталий Викторович},
  journal = {Информационные технологии в науке, управлении, социальной сфере и медицине : сборник научных трудов VI Международной конференции},
  title   = {Анализ решений в области распознавания эмоций из речи},
  year    = {2019}
}

@article{params,
  author  = {Дорохина, Г. В.},
  journal = {Искусственный интеллект №4 -- – Донецк: ІПШІ <<Наука і освіта>>},
  title   = {Методы пофонемного распознавания, использующие свойства языка и речи},
  year    = {2008}
}

@article{params-eff,
  author  = {Фёдоров, В.М. and Юрков, П.Ю.},
  journal = {Третий междисциплинарный семинар <<Анализ разговорной русской речи>>},
  title   = {Распознавание эмоционального состояния человека по акустическим параметрам речи},
  year    = {2009}
}

@article{mel,
  author  = {Chauhan, P.M. and Desai, N.P.},
  title = {Mel Frequency Cepstral Coefficients (MFCC) based speaker identification in noisy environment using wiener filter},
  journal   = {Proceedings of International Conference on Green Computing Communication and Electrical Engineering (ICGCCEE 2014)},
  year    = {2014}
}

@article{lfcc,
  author  = {Zhou, X. and Garcia-Romero, D. and Duraiswami, R. and Espy-Wilson, C. and Shamma, S. },
  journal = { Proceedings of IEEE Workshop on Automatic Speech Recognition and Understanding (ASRU 2011)},
  title   = {Linear versus mel frequency cepstral coefficients for speaker recognition. },
  year    = {2011}
}

@article{methodcos,
  title={Введение в цифровую обработку речевых сигналов: учебное пособие},
  author={Ахмад, Хассан Мухаммад and Жирков, Владислав Федорович},
  year={2007}
}

@article{sonor,
  title={Использование фонетических характеристик для автоматического распознавания речи},
  author={Комаров, Д.А.},
  journal={Вестник Санкт-Петербургского университета. Язык и литература},
  number={3-I},
  pages={48--55},
  year={2007}
}

@article{speechrecog,
  title={Система автоматического распознавания эмоций по речевому сигналу},
  author={Брановицкий, А.А. and Борисов, Д.В.},
  year={2019},
  publisher={БГУИР}
}

@inproceedings{genetic,
  title={Genetic algorithms in machine learning},
  author={Shapiro, Jonathan},
  booktitle={Advanced Course on Artificial Intelligence},
  pages={146--168},
  year={1999},
  organization={Springer}
}

@article{markov,
  title={Гибридные модели-Скрытые марковские модели/Многослойный персептрон-и их применение в системах распознавания речи. Обзор},
  author={Маковкин, Константин Александрович},
  journal={Речевые технологии},
  number={3},
  pages={58--83},
  year={2012},
  publisher={Общество с ограниченной ответственностью Научно-исследовательский институт~…}
}

@techreport{det,
  title={The DET curve in assessment of detection task performance},
  author={Martin, Alvin and Doddington, George and Kamm, Terri and Ordowski, Mark and Przybocki, Mark},
  year={1997},
  institution={National Inst of Standards and Technology Gaithersburg MD}
}