@article{hsee2008feeling,
	title={Feeling and caring: When mood intervenes in charitable giving},
	author={Zhang, Jiao and Lu, ZoeYuejin and Xu, Fei},
	journal={Journal of Marketing Research},
	volume={45},
	number={2},
	pages={213--224},
	year={2008},
	publisher={Sage Publications Sage CA: Los Angeles, CA}
}

@article{schuller2011recognising,
	title={Recognising realistic emotions and affect in speech: State of the art and lessons learnt from the first challenge},
	author={Schuller, Bj{\"o}rn and Batliner, Anton and Steidl, Stefan and Seppi, Dino},
	journal={Speech communication},
	volume={53},
	number={9-10},
	pages={1062--1087},
	year={2011},
	publisher={Elsevier}
}

@article{Ekman1972,
	author  = {Ekman, P},
	journal = {Nebraska Symposium on Motivation. Vol. 19.},
	title   = {Universals and Cultural Differences in Facial Expression of Emotion},
	year    = {1972}
}

@article{Ekman1992,
	author  = {Ekman, P},
	journal = {Cognition and Emotion},
	title   = {An Argument for Basic Emotions},
	year    = {1992}
}

@article{розалиев2007построение,
	title={Построение модели эмоций по речи человека},
	author={Розалиев, ВЛ},
	journal={Известия Волгоградского государственного технического университета},
	number={9},
	pages={65--68},
	year={2007},
	publisher={Федеральное государственное бюджетное образовательное учреждение высшего~…}
}

@article{розалиев2008предпосылки,
	title={Предпосылки, возможности, перспективы создания автоматизированной системы распознавания эмоциональности речи},
	author={Розалиев, ВЛ},
	journal={Известия ВолгГТУ. Серия {\guillemotleft}Актуальные проблемы управления, вычислительной техники и информатики в технических системах{\guillemotright}: межвуз. сб. науч. ст./ВолгГТУ},
	number={4},
	pages={58--61},
	year={2008}
}


@article{Plutchik1980,
	author  = {Plutchik, R and Kellerman, H},
	journal = {London: Academic Press},
	title   = {Emotion: Theory, Research, and Experience: Vol. 1. Theories of Emotion.},
	year    = {1980}
}

@online{Affectica,
	title   = {Affectica},
	url     = {https://www.affectiva.com/},
	urldate = {2022-09-30}
}

@online{RECOLA,
	title   = {RECOLA},
	url     = {https://diuf.unifr.ch/main/diva/recola/},
	urldate = {2022-10-01}
}

@article{Вундт1984,
	author  = {Вундт, В},
	journal = {Психология эмоций},
	title   = {Психология душевных волнений},
	year    = {1984}
}

@article{hourglass,
	author  = {Cambria, Erik and Grassi, Marco and Hussain, Amir and Havasi, Catherine},
	journal = {Multimedia Tools and Applications - MTA},
	title   = {Sentic Computing for social media marketing},
	year    = {2012},
	doi     = {10.1007/s11042-011-0815-0}
}

@article{Russell2003,
	author  = {Russell, J.A.},
	journal = {Psychological Review},
	title   = {Core Affect and the Psychological Construction of Emotion},
	year    = {2003}
}

@online{mfcc,
	title   = {Первичный анализ речевых сигналов},
	url     = {https://alphacephei.com/ru/lecture1.pdf},
	urldate = {2023-02-17}
}

@online{mfcc-steps,
	ALTauthor = {Николенко, С.И.},
	title = {Лекция 6. Признаки. Кепстральные коэффициенты. MFCC.},
	urldate = {2023-02-17},
	url = {https://logic.pdmi.ras.ru/~sergey/oldsite/teaching/asr/notes-06-features.pdf}
}

@online{ravdess,
	title = {RAVDESS Emotional speech audio},
	urldate = {2023-03-15},
	url = {https://www.kaggle.com/datasets/uwrfkaggler/ravdess-emotional-speech-audio}
}

@inproceedings{savee,
	author = {Vlasenko, Bogdan and Schuller, Bjorn and Wendemuth, Andreas and Rigoll, Gerhard},
	year = {2007},
	month = {01},
	pages = {2249-2252},
	title = {Combining frame and turn-level information for robust recognition of emotions within speech},
	journal = {Proceedings of Interspeech}
}


@online{intonation,
	title = {Русская фонетика. Интонационные конструкции. Интонация},
	urldate = {2023-03-15},
	url = {http://www.philol.msu.ru/~fonetica/index1.htm}
}

@online{ik,
	title = {Русская фонетика. Интонационные конструкции. Перечень ИК.},
	urldate = {2023-03-15},
	url = {http://www.philol.msu.ru/~fonetica/intonac/ik/ik1.htm}
}

@online{emodb,
	title = {EmoDB Dataset},
	urldate = {2023-03-15},
	url = {https://www.kaggle.com/datasets/piyushagni5/berlin-database-of-emotional-speech-emodb}
}

@book{ling-dict,
	title={Лингвистический энциклопедический словарь},
	author={Ярцева, Виктория Николаевна},
	year={1990},
	publisher={Советская энциклопедия}
}

@article{emo-vk,
	title={Распознавание эмоций по характеристикам речевого сигнала (лингвистический, клинический, информационный аспекты)},
	author={Прокофьева, Лариса Петровна and Пластун, Инна Львовна and Филиппова, Наталья Валерьевна and Матвеева, Любовь Юрьевна and Пластун, Наталья Сергеевна},
	journal={Сибирский филологический журнал},
	number={2},
	pages={325--336},
	year={2021},
	publisher={Федеральное государственное бюджетное учреждение науки {\guillemotleft}Институт филологии~…}
}


@online{tess,
	title = {Toronto emotional speech set (TESS)},
	urldate = {2023-03-15},
	url = {https://www.kaggle.com/datasets/ejlok1/toronto-emotional-speech-set-tess}
}

@online{nl,
	title   = {Нейронные сети},
	url     = {https://logic.pdmi.ras.ru/~sergey/oldsite/teaching/asr/notes-11-neural.pdf},
	urldate = {2023-03-09}
}


@article{dusha,
	title={Large Raw Emotional Dataset with Aggregation Mechanism},
	author={Kondratenko, Vladimir and Sokolov, Artem and Karpov, Nikolay and Kutuzov, Oleg and Savushkin, Nikita and Minkin, Fyodor},
	journal={arXiv preprint arXiv:2212.12266},
	year={2022}
}

@online{rec,
	ALTauthor = {Котов, А.А. and Гопкало, О.С.},
	title = {Русскоязычный эмоциональный корпус: коммуникативное взаимодействие в реальных эмоциональных ситуациях.},
	urldate = {2023-03-15},
	url = {https://events.spbu.ru/eventsContent/files/corpling/corpora2011/Kotov_211.pdf}
}

@article{bert,
	title={Bert: Pre-training of deep bidirectional transformers for language understanding},
	author={Devlin, Jacob and Chang, Ming-Wei and Lee, Kenton and Toutanova, Kristina},
	journal={arXiv preprint arXiv:1810.04805},
	year={2018}
}


@inproceedings{ruslana,
	title={RUSLANA: A database of Russian emotional utterances},
	author={Makarova, Veronika and Petrushin, Valery A},
	booktitle={Seventh international conference on spoken language processing},
	year={2002}
}

@article{conn,
	title={Связь интонации с выражением эмоций (на примере эмоции удивления)},
	author={Коврижкина, Дарья Геннадьевна},
	journal={Вестник Ленинградского государственного университета им. АС Пушкина},
	volume={1},
	number={3},
	pages={233--243},
	year={2014},
	publisher={Государственное автономное образовательное учреждение высшего образования~…}
}

@article{mel,
	author  = {Chauhan, P.M. and Desai, N.P.},
	title = {Mel Frequency Cepstral Coefficients (MFCC) based speaker identification in noisy environment using wiener filter},
	journal   = {Proceedings of International Conference on Green Computing Communication and Electrical Engineering (ICGCCEE 2014)},
	year    = {2014}
}

@article{frames,
	title={Метод автоматической классификации эмоционального состояния диктора по голосу},
	author={Кошеков, КТ and Кобенко, ВЮ and Анаятова, РК and Савостин, АА and Кошеков, АК},
	journal={Динамика систем, механизмов и машин},
	volume={8},
	number={4},
	pages={51--59},
	year={2020},
	publisher={федеральное государственное бюджетное образовательное учреждение высшего~…}
}

@article{features-must,
	title={Система определения эмоционального состояния диктора по голосу},
	author={Киселев, ВВ and Давыдов, АГ and Ткаченя, АВ},
	year={2012},
	publisher={БГУИР}
}

@article{lpc-general,
	title={Обзор методов извлечения акустических признаков речи в задаче распознавания диктора},
	author={Судьенкова, Анна Владимировна},
	journal={Сборник научных трудов Новосибирского государственного технического университета},
	number={3-4},
	pages={139--164},
	year={2019},
	publisher={Федеральное государственное бюджетное образовательное учреждение высшего~…}
}

@article{acoustic-params,
	title={Эмоциональные характеристики речи и их связь с акустическими параметрами},
	author={Романенко, Вероника Олеговна},
	journal={Общество. Среда. Развитие (Terra Humana)},
	number={4},
	pages={119-123},
	year={2010},
	publisher={Общество с ограниченной ответственностью {\guillemotleft}Центр научно-информационных~…}
}

@book{acoustics-tone,
	title={Теория и применение цифровой обработки сигналов},
	author={Рабинер, Лоуренс and Гоулд, Б},
	year={1978},
	publisher={Рипол Классик}
}

@article{williams,
	title={Emotions and speech: Some acoustical correlates},
	author={Williams, Carl E and Stevens, Kenneth N},
	journal={The journal of the acoustical society of America},
	volume={52},
	number={4B},
	pages={1238--1250},
	year={1972},
	publisher={Acoustical Society of America}
}

@book{pitch,
	title={Pitch extraction and fundamental frequency: History and current techniques},
	author={Gerhard, David and others},
	year={2003},
	publisher={Department of Computer Science, University of Regina Regina, SK, Canada}
}

@inproceedings{yaapt,
	title={A spectral-temporal method for pitch tracking},
	author={Zahorian, Stephen A and Dikshit, Princy and Hu, Hongbing},
	booktitle={Ninth International Conference on Spoken Language Processing},
	year={2006}
}



@article{scripture1921study,
	title={A study of emotions by speech transcription},
	author={Scripture, Edward W},
	journal={Vox},
	volume={31},
	pages={179-183},
	year={1921}
}

@article{fairbanks1939experimental,
	title={An experimental study of the pitch characteristics of the voice during the expression of emotion},
	author={Fairbanks, Grant and Pronovost, Wilbert},
	journal={Communications Monographs},
	volume={6},
	number={1},
	pages={87-104},
	year={1939},
	publisher={Taylor \& Francis}
}

@inproceedings{farrus2007jitter,
	title={Jitter and shimmer measurements for speaker recognition},
	author={Farr{\'u}s, Mireia and Hernando, Javier and Ejarque, Pascual},
	booktitle={8th Annual Conference of the International Speech Communication Association; 2007 Aug. 27-31; Antwerp (Belgium).[place unknown]: ISCA; 2007. p. 778-81.},
	year={2007},
	organization={International Speech Communication Association (ISCA)}
}

@book{baken2000clinical,
	title={Clinical measurement of speech and voice},
	author={Baken, Ronald J and Orlikoff, Robert F},
	year={2000},
	publisher={Cengage Learning}
}

@inproceedings{energy,
	title={Основные спектральные характеристики речевых сигналов и их определение},
	author={Иванушкин, С.А. and Поддубный, М.И. and Косарев, Д.А. and Вешкин, А.В. and Заборских, П.С. and Елгин, Ю.И.},
	booktitle={ИНФОРМАТИКА: ПРОБЛЕМЫ, МЕТОДЫ, ТЕХНОЛОГИИ},
	pages={334--342},
	year={2021}
}


@book{dukeNL,
	author={Дюк, В.А. and Самойленко, А.П.},
	title={Data Mining: учебный курс. },
	year={2001},
	publisher={СПб.: Питер}
}

@article{review,
	title={Speech emotion recognition: a review},
	author={Lanjewar, Rahul B and Chaudhari, DS},
	journal={International Journal of Innovative Technology and Exploring Engineering (IJITEE)},
	volume={2},
	number={4},
	pages={68--71},
	year={2013}
}

@online{jsonl,
	title   = {JSON Lines. Documentation for the JSON Lines text file format},
	url     = {https://jsonlines.org/},
	urldate = {2023-04-13}
}

@online{golang,
	title   = {Build simple, secure, scalable systems with Go},
	url     = {https://go.dev/},
	urldate = {2023-04-20}
}

@online{python,
	title   = {Welcome to Python.org},
	url     = {https://www.python.org/},
	urldate = {2023-04-20}
}

@online{postgresql,
	title   = {PostgreSQL: The World's Most Advanced Open Source Relational Database},
	url     = {https://www.postgresql.org/},
	urldate = {2023-04-20}
}

@inproceedings{librosa,
	title={librosa: Audio and music signal analysis in python},
	author={McFee, Brian and Raffel, Colin and Liang, Dawen and Ellis, Daniel PW and McVicar, Matt and Battenberg, Eric and Nieto, Oriol},
	booktitle={Proceedings of the 14th python in science conference},
	volume={8},
	year={2015}
} 

@online{docker,
	title   = {Docker: Accelerated, Containerized Application Development},
	url     = {https://www.docker.com/},
	urldate = {2023-04-20}
}

@misc{smooting,
	title={Using smoothing techniques to improve the performance of Hidden Markov's Model},
	author={Boodidhi, Sweatha},
	year={2011},
	publisher={UNLV Theses, Dissertations, Professional Papers, and Capstones},
	pages={1007}
}

@online{yaml,
	title   = {YAML: YAML Ain't Markup Language},
	url     = {https://yaml.org/},
	urldate = {2023-04-20}
}